@article{blackburn2008aggregation,
  title={Individual vs. Aggregate Preferences: The Case of a Small Fish in a Big Pond},
  author={Blackburn, Douglas W. and Ukhov, Andrey},
  year={2008},
  journal={SSRN},
  DOI={http://dx.doi.org/10.2139/ssrn.941126}
} 
@book{gali2015monetary,
  title={Monetary policy, inflation, and the business cycle: an introduction to the new Keynesian framework and its applications},
  author={Gal{\'\i}, Jordi},
  year={2015},
  publisher={Princeton University Press}
}

@article{ minsky1992instability,
  title={The Financial Instability Hypothesis},
  author={Minsky, Hyman P.},
  year={1992},
  journal={Levy Economics Institute of Bard College, Annandale-on-Hudson, NY}
}

@inproceedings{liang2020learning,
  title={Learning lane graph representations for motion forecasting},
  author={Liang, Ming and Yang, Bin and Hu, Rui and Chen, Yun and Liao, Renjie and Feng, Song and Urtasun, Raquel},
  booktitle={European Conference on Computer Vision},
  pages={541--556},
  year={2020},
  organization={Springer}
}

@article{lowe2017maddpg,
  title={Multi-Agent Actor-Critic for Mixed Cooperative-Competitive Environments},
  author={Lowe, Ryan and Wu, Yi and Tamar, Aviv and  Harb, Jean and Abbeel, Pieter and Mordatch, Igor},
  year={2017},
  journal={ArXiv},
  DOI={https://doi.org/10.48550/arXiv.1706.02275}
}

@article{niazi2011ace,
  title={Agent-based computing from multi-agent systems to agent-based models: a visual survey},
  author={Niazi, Muaz and Hussain, Amir},
  journal={Scientometrics},
  volume={89},
  number={2},
  pages={479--499},
  year={2011},
  publisher={Akad{\'e}miai Kiad{\'o}, co-published with Springer Science+ Business Media BV~â€¦}
}

@article{tilbury2022rl,
  title={Reinforcement Learning in Macroeconomic Policy Design: A New Frontier?},
  author={Tilbury, Callum},
  year={2022},
  journal={ArXiv},
  DOI={https://doi.org/10.48550/arXiv.2206.08781}
  
}

%% Reinforcement Learning (Literature Review)
@article{bacchiani2019microscopic,
  title={Microscopic traffic simulation by cooperative multi-agent deep reinforcement learning},
  author={Bacchiani, Giulio and Molinari, Daniele and Patander, Marco},
  journal={arXiv preprint arXiv:1903.01365},
  year={2019}
}
@article{song2021deep,
  title={Deep reinforcement learning for modeling human locomotion control in neuromechanical simulation},
  author={Song, Seungmoon and Kidzi{\'n}ski, {\L}ukasz and Peng, Xue Bin and Ong, Carmichael and Hicks, Jennifer and Levine, Sergey and Atkeson, Christopher G and Delp, Scott L},
  journal={Journal of neuroengineering and rehabilitation},
  volume={18},
  number={1},
  pages={1--17},
  year={2021},
  publisher={Springer}
}
% Trading in market
@inproceedings{conegundes2020beating,
  title={Beating the stock market with a deep reinforcement learning day trading system},
  author={Conegundes, Leonardo and Pereira, Adriano C Machado},
  booktitle={2020 International Joint Conference on Neural Networks (IJCNN)},
  pages={1--8},
  year={2020},
  organization={IEEE}
}
@article{lussange2021modelling,
  title={Modelling stock markets by multi-agent reinforcement learning},
  author={Lussange, Johann and Lazarevich, Ivan and Bourgeois-Gironde, Sacha and Palminteri, Stefano and Gutkin, Boris},
  journal={Computational Economics},
  volume={57},
  number={1},
  pages={113--147},
  year={2021},
  publisher={Springer}
}
@article{corazza2015q,
  title={Q-Learning and SARSA: a comparison between two intelligent stochastic control approaches for financial trading},
  author={Corazza, Marco and Sangalli, Andrea},
  journal={University Ca'Foscari of Venice, Dept. of Economics Research Paper Series No},
  volume={15},
  year={2015}
}
% Forecasting
@inproceedings{lee2001stock,
  title={Stock price prediction using reinforcement learning},
  author={Lee, Jae Won},
  booktitle={ISIE 2001. 2001 IEEE International Symposium on Industrial Electronics Proceedings (Cat. No. 01TH8570)},
  volume={1},
  pages={690--695},
  year={2001},
  organization={IEEE}
}
@article{carapucco2018reinforcement,
  title={Reinforcement learning applied to Forex trading},
  author={Carapu{\c{c}}o, Jo{\~a}o and Neves, Rui and Horta, Nuno},
  journal={Applied Soft Computing},
  volume={73},
  pages={783--794},
  year={2018},
  publisher={Elsevier}
}
@article{sornmayura2019robust,
  title={Robust forex trading with deep q network (dqn)},
  author={Sornmayura, Sutta},
  journal={ABAC Journal},
  volume={39},
  number={1},
  year={2019}
}
@article{ertuugrul2018forecasting,
  title={Forecasting financial indicators by generalized behavioral learning method},
  author={Ertu{\u{g}}rul, {\"O}mer Faruk and Ta{\u{g}}luk, Mehmet Emin},
  journal={Soft Computing},
  volume={22},
  number={24},
  pages={8259--8272},
  year={2018},
  publisher={Springer}
}